<record><leader>00000cas a22000007a 4500</leader><controlfield tag="001">39313185</controlfield><controlfield tag="008">980618d19541957akuwr ne      0    0eng d</controlfield><datafield ind1=" " ind2=" " tag="010"><subfield code="a">sn 98060291 </subfield></datafield><datafield ind1=" " ind2=" " tag="040"><subfield code="a">ANE</subfield><subfield code="b">eng</subfield><subfield code="c">ANE</subfield><subfield code="d">OCLCQ</subfield></datafield><datafield ind1=" " ind2=" " tag="042"><subfield code="a">msc</subfield></datafield><datafield ind1=" " ind2=" " tag="043"><subfield code="a">n-us-ak</subfield></datafield><datafield ind1="0" ind2="0" tag="245"><subfield code="a">Chugiak calendar.</subfield></datafield><datafield ind1=" " ind2=" " tag="260"><subfield code="a">Chugiak, Alaska :</subfield><subfield code="b">Cloyce Parks</subfield></datafield><datafield ind1=" " ind2=" " tag="300"><subfield code="a">v.</subfield></datafield><datafield ind1=" " ind2=" " tag="310"><subfield code="a">Weekly,</subfield><subfield code="b">Apr. 4-&lt;Nov. 1&gt;, 1957</subfield></datafield><datafield ind1=" " ind2=" " tag="321"><subfield code="a">Semimonthly,</subfield><subfield code="b">&lt;Aug. 26, 1954&gt;-Mar. 22, 1957</subfield></datafield><datafield ind1="1" ind2=" " tag="362"><subfield code="a">Began in 1954; ceased in 1957.</subfield></datafield><datafield ind1=" " ind2=" " tag="515"><subfield code="a">Suspended May 12-Oct 12, 1956.</subfield></datafield><datafield ind1=" " ind2=" " tag="588"><subfield code="a">Description based on: No. 16 (Aug. 26, 1954).</subfield></datafield><datafield ind1=" " ind2="0" tag="651"><subfield code="a">Chugiak (Alaska)</subfield><subfield code="v">Newspapers.</subfield></datafield><datafield ind1=" " ind2=" " tag="752"><subfield code="a">United States</subfield><subfield code="b">Alaska</subfield><subfield code="d">Chugiak.</subfield></datafield><datafield ind1="1" ind2=" " tag="029"><subfield code="a">AU@</subfield><subfield code="b">000014018114</subfield></datafield></record>